<?xml version="1.0" encoding="UTF-8"?><collection xmlns="http://www.loc.gov/MARC21/slim"><record><leader>00500nam--2200181-i-4500</leader><controlfield tag="001">000021932</controlfield><controlfield tag="002">20161230</controlfield><controlfield tag="005">20161230201034</controlfield><controlfield tag="008">060222s1000------------r-----000-0-rum-d</controlfield><datafield ind1=" " ind2=" " tag="040"><subfield code="a">IFIN-HH</subfield></datafield><datafield ind1=" " ind2=" " tag="041"><subfield code="a">rum</subfield></datafield><datafield ind1=" " ind2=" " tag="080"><subfield code="a">53(075.8)</subfield></datafield><datafield ind1="1" ind2=" " tag="100"><subfield code="a">Grosu, Dumitru</subfield></datafield><datafield ind1="1" ind2="0" tag="245"><subfield code="a">Fizica generala. mecanica. oscilatii si unde. acustica. vol. i</subfield><subfield code="c">Dumitru grosu</subfield></datafield><datafield ind1=" " ind2=" " tag="260"><subfield code="a">Bucuresti</subfield><subfield code="b">Editura De Stat Didactica Si Pedagogica</subfield><subfield code="c">1961</subfield></datafield><datafield ind1=" " ind2=" " tag="300"><subfield code="a">259P</subfield></datafield><datafield ind1=" " ind2=" " tag="852"><subfield code="a">849</subfield><subfield code="c">53</subfield></datafield><datafield ind1=" " ind2=" " tag="CAT"><subfield code="a">Sys</subfield><subfield code="c">20141210</subfield><subfield code="h">191455</subfield></datafield></record></collection>